

@article {Giglio2013,
author = {Giglio, Louis and Randerson, James T. and van der Werf, Guido R.},
title = {Analysis of daily, monthly, and annual burned area using the fourth-generation global fire emissions database (GFED4)},
journal = {Journal of Geophysical Research: Biogeosciences},
volume = {118},
number = {1},
issn = {2169-8961},
url = {http://dx.doi.org/10.1002/jgrg.20042},
doi = {10.1002/jgrg.20042},
pages = {317--328},
keywords = {Carbon cycling, Natural hazards, Data sets, fire, biomass burning, burned area},
year = {2013},
}


